@misc{LSK20,
	title = {Handling the Positive-Definite Constraint in the Bayesian Learning Rule},
	doi = {10.48550/ARXIV.2002.10060},
	url = {https://arxiv.org/abs/2002.10060},
	author = {Lin, Wu and Schmidt, Mark and Khan, Mohammad Emtiyaz},
	keywords = {Machine Learning (stat.ML), Machine Learning (cs.LG), FOS: Computer and information sciences, FOS: Computer and information sciences},
	publisher = {arXiv},
	year = {2020},
	copyright = {arXiv.org perpetual, non-exclusive license}
}

@misc{LNK+21,
	title = {Tractable structured natural gradient descent using local parameterizations},
	doi = {10.48550/ARXIV.2102.07405},
	url = {https://arxiv.org/abs/2102.07405},
	author = {Lin, Wu and Nielsen, Frank and Khan, Mohammad Emtiyaz and Schmidt, Mark},
	keywords = {Machine Learning (stat.ML), Machine Learning (cs.LG), FOS: Computer and information sciences, FOS: Computer and information sciences},
	publisher = {arXiv},
	year = {2021},
	copyright = {Creative Commons Attribution Non Commercial Share Alike 4.0 International}
}

@article{OS90,
	title = {Computing the eigenvalues and eigenvectors of symmetric arrowhead matrices},
	journal = {Journal of Computational Physics},
	volume = {90},
	number = {2},
	pages = {497-505},
	year = {1990},
	issn = {0021-9991},
	doi = {https://doi.org/10.1016/0021-9991(90)90177-3},
	url = {https://www.sciencedirect.com/science/article/pii/0021999190901773},
	author = {D.P O'Leary and G.W Stewart}
}

@misc{ZSD+17,
	title = {Noisy Natural Gradient as Variational Inference},
	doi = {10.48550/ARXIV.1712.02390},
	url = {https://arxiv.org/abs/1712.02390},
	author = {Zhang, Guodong and Sun, Shengyang and Duvenaud, David and Grosse, Roger},
	keywords = {Machine Learning (cs.LG), Machine Learning (stat.ML), FOS: Computer and information sciences, FOS: Computer and information sciences},
	publisher = {arXiv},
	year = {2017},
	copyright = {arXiv.org perpetual, non-exclusive license}
}

@article{KNT+18,
	title = {Fast and Scalable Bayesian Deep Learning by Weight-Perturbation in Adam},
	doi = {10.48550/ARXIV.1806.04854},
	url = {https://arxiv.org/abs/1806.04854},
	author = {Khan, Mohammad Emtiyaz and Nielsen, Didrik and Tangkaratt, Voot and Lin, Wu and Gal, Yarin and Srivastava, Akash},
	keywords = {Machine Learning (stat.ML), Artificial Intelligence (cs.AI), Machine Learning (cs.LG), Computation (stat.CO), FOS: Computer and information sciences, FOS: Computer and information sciences},
	publisher = {arXiv},
	year = {2018},
	copyright = {arXiv.org perpetual, non-exclusive license}
}

@article{L44,
  title={A method for the solution of certain non-linear problems in least squares},
  author={Levenberg, Kenneth},
  journal={Quarterly of applied mathematics},
  volume={2},
  number={2},
  pages={164--168},
  year={1944}
}

@article{M63,
  title={An algorithm for least-squares estimation of nonlinear parameters},
  author={Marquardt, Donald W},
  journal={Journal of the society for Industrial and Applied Mathematics},
  volume={11},
  number={2},
  pages={431--441},
  year={1963},
  publisher={SIAM}
}

@misc{MG15,
  doi = {10.48550/ARXIV.1503.05671},
  url = {https://arxiv.org/abs/1503.05671},
  author = {Martens, James and Grosse, Roger},
  keywords = {Machine Learning (cs.LG), Neural and Evolutionary Computing (cs.NE), Machine Learning (stat.ML), FOS: Computer and information sciences, FOS: Computer and information sciences},
  title = {Optimizing Neural Networks with Kronecker-factored Approximate Curvature},
  publisher = {arXiv},
  year = {2015},
  copyright = {arXiv.org perpetual, non-exclusive license}
}

@misc{Idelbayev18a,
  author       = "Yerlan Idelbayev",
  title        = "Proper {ResNet} Implementation for {CIFAR10/CIFAR100} in {PyTorch}",
  howpublished = "\url{https://github.com/akamaster/pytorch_resnet_cifar10}",
  note         = "Accessed: 20xx-xx-xx"
}
